@BOOK {kurtbittnerianspence2002,
    author    = "Kurt Bittner, Ian Spence",
    title     = "Use Case Modeling",
    publisher = "Addison-Wesley Professional",
    month     = "jan",
    year      = "2002"
}

@ONLINE {drawio,
    author = "Draw.IO",
    month  = "nov",
    year   = "2018",
    title  = "draw.io",
    url    = "https://www.draw.io/"
}

@ONLINE {ibm2011,
    author = "IBM",
    title  = "Rational Unified Process - Best Pratices for Software Development Teams",
    month  = "nov",
    year   = "2011",
    url    = "https://www.ibm.com/developerworks/rational/library/content/03July/1000/1251/1251_bestpractices_TP026B.pdf"
}

@BOOK {jonathanrasmusson,
    author    = "Jonathan Rasmusson",
    title     = "The Agile Samurai: How Agile Masters Deliver Great Software",
    publisher = "The Pragmatic Programmers",
    year      = "2010",
    edition   = "first"
}

@ONLINE {funpar2001,
    author = "Fundação da Universidade Federal do Paraná - FUNPAR/UFPR",
    title  = "Especificação de Caso de Uso",
    month  = "jan",
    year   = "2001",
    url    = "http://www.funpar.ufpr.br:8080/rup/webtmpl/templates/req/rup_ucspec.htm"
}

@ONLINE {elisayuminakagawa2013,
    author = "Elisa Yumi Nakagawa",
    title  = "Casos de Uso e Diagrama de Casos de Uso",
    month  = "sep",
    year   = "2013",
    url    = "https://edisciplinas.usp.br/pluginfile.php/117158/mod_resource/content/1/Aula03_CasosDeUso.pdf"
}

@ONLINE {djangodocs,
    author = "Django Software Foundation",
    title  = "Django documentation",
    month  = "aug",
    year   = "2018",
    url    = "https://docs.djangoproject.com/en/2.1/"
}

@ONLINE {djangowikispaces2012,
    author = "Django Wikispaces",
    title  = "History of Django",
    month  = "sep",
    year   = "2012",
    url    = "http://django.wikispaces.asu.edu/History+of+Django"
}

@ONLINE {djangogeneral2018,
    author = "Django Software Foundation",
    title  = "Django FAQ: General",
    month  = "aug",
    year   = "2018",
    url    = "https://docs.djangoproject.com/en/dev/faq/general/"
}

@ONLINE {djangodownload,
    author = "Django Software Foundation",
    title  = "Django Download",
    month  = "aug",
    year   = "2018",
    url    = "https://www.djangoproject.com/download/"
}

@ONLINE {thedjangobook2018,
    author = "The Django Book",
    title  = "The Model-View-Controller Design Pattern",
    month  = "jan",
    year   = "2018",
    url    = "https://djangobook.com/model-view-controller-design-pattern/"
}

@ONLINE {codelv2018,
    author = "CODE LV",
    title  = "A different way to think about making websites in python",
    month  = "jan",
    year   = "2018",
    url    = "http://blog.codelv.com/2018/01/a-different-way-to-think-about-making.html"
}

@ONLINE {djangogirls2018,
    author = "Django Girls",
    title  = "Tutorial: Django Admin",
    month  = "jan",
    year   = "2018",
    url    = "https://tutorial.djangogirls.org/pt/django_admin/"
}

@ONLINE {ilyasabanin2018,
    author = "Ilya Sabanin",
    title  = "Deployments Best Practices",
    month  = "jan",
    year   = "2018",
    url    = "http://guides.beanstalkapp.com/deployments/best-practices.html"
}

@ONLINE {atlassiansupport2018,
    author = "Atlassian Support",
    title  = "Promoting Jira configuration from development to production",
    month  = "aug",
    year   = "2018",
    url    = "https://confluence.atlassian.com/adminjiraserver/promoting-jira-configuration-from-development-to-production-938847942.html"
}

@ONLINE {safariheroku,
    author = "Richard Schneeman, Neil Middleton",
    title  = "Heroku: Up and Running",
    month  = "nov",
    year   = "2013",
    url    = "https://www.safaribooksonline.com/library/view/heroku-up-and/9781449341381/ch02.html"
}

@ONLINE {lucasarthurfelgueiras2018,
    author = "Lucas Arthur Felgueiras",
    title  = "Computação em Nuvem: Introdução",
    month  = "apr",
    year   = "2018",
    url    = "https://github.com/LucasArthur94/cloud-computing/blob/master/trabalho_cloud_computing.pdf"
}

@ONLINE {cambridgeuniversitypress2018,
    author = "Cambridge University Press",
    title  = "Meaning of “database” in the English Dictionary",
    month  = "nov",
    year   = "2018",
    url    = "https://dictionary.cambridge.org/dictionary/english/database#dataset-cbed"
}

@ONLINE {devmedia2015,
    author = "DevMedia",
    title  = "PostgreSQL Tutorial",
    month  = "jan",
    year   = "2015",
    url    = "https://www.devmedia.com.br/postgresql-tutorial/33025"
}

@ONLINE {devmedia2014,
    author = "DevMedia",
    title  = "Gerenciamento de Banco de Dados: Análise Comparativa de SGBD’S",
    month  = "jan",
    year   = "2014",
    url    = "https://www.devmedia.com.br/gerenciamento-de-banco-de-dados-analise-comparativa-de-sgbd-s/30788"
}

@ONLINE {devmedia2013,
    author = "DevMedia",
    title  = "Introdução ao Modelo Cascata",
    month  = "jan",
    year   = "2013",
    url    = "https://www.devmedia.com.br/introducao-ao-modelo-cascata/29843"
}

@ONLINE {devmedia2007,
    author = "DevMedia",
    title  = "SQLite - O Pequeno Notável",
    month  = "jan",
    year   = "2007",
    url    = "https://www.devmedia.com.br/sqlite-o-pequeno-notavel/7249"
}

@ONLINE {amazonwebservices2018,
    author = "Amazon Web Services",
    title  = "O que é banco de dados relacional?",
    month  = "nov",
    year   = "2018",
    url    = "https://aws.amazon.com/pt/relational-database/"
}

@ONLINE {amazonwebservices2017,
    author = "Amazon Web Services",
    title  = "O que é NoSQL?",
    month  = "nov",
    year   = "2017",
    url    = "https://aws.amazon.com/pt/nosql/"
}

@ONLINE {luizfernandoduartejunior2017,
    author = "Luiz Fernando Duarte Junior",
    title  = "MongoDB para iniciantes em NoSQL",
    month  = "sep",
    year   = "2017",
    url    = "https://imasters.com.br/banco-de-dados/mongodb-para-iniciantes-em-nosql"
}

@ONLINE {lucassouto2017,
    author = "Lucas Souto",
    title  = "Integrando Django com PostgreSQL",
    month  = "aug",
    year   = "2017",
    url    = "https://medium.com/@lucas_souto/integrando-django-com-postgresql-58b3520ddf6e"
}

@ONLINE {eduardofigueiredo2018,
    author = "Eduardo Figueiredo",
    title  = "Verificação e Validação",
    month  = "nov",
    year   = "2018",
    url    = "https://homepages.dcc.ufmg.br/~figueiredo/disciplinas/aulas/verificacao-validacao_v01.pdf"
}

@BOOK {ieeecomputersociety2014,
    author    = "IEEE Computer Society",
    title     = "Guide to the Software Engineering Body of Knowledge",
    publisher = "Institute of Electrical and Electronics Engineers",
    year      = "2014",
    edition   = "third"
}

@ONLINE {guilhermebaptista2016,
    author = "Guilherme Baptista",
    title  = "Qual a diferença entre BDD e TDD?",
    month  = "jun",
    year   = "2016",
    url    = "http://blog.locaweb.com.br/artigos/metodologias-ageis/diferenca-entre-bdd-tdd/"
}